@inproceedings{milgram1995augmented,
title={Augmented reality: A class of displays on the reality-virtuality continuum},
author={Milgram, Paul and Takemura, Haruo and Utsumi, Akira and Kishino, Fumio},
booktitle={Photonics for Industrial Applications},
pages={282--292},
year={1995},
organization={International Society for Optics and Photonics}
}

@article{van2010survey,
  title={A survey of augmented reality technologies, applications and limitations},
  author={Van Krevelen, DWF and Poelman, R},
  journal={International Journal of Virtual Reality},
  volume={9},
  number={2},
  pages={1},
  year={2010}
}